<?xml version="1.0" encoding="UTF-8" standalone="yes"?>
<BCE:Balanza Version="1.3" RFC="PAP830101CR3" Mes="01" Anio="2018" TipoEnvio="N" xsi:schemaLocation="http://sat.gob.mx/esquemas/ContabilidadE/1_3/BalanzaComprobacion/BalanzaComprobacion_1_3.xsd" xmlns:BCE="http://www.sat.gob.mx/esquemas/ContabilidadE/1_3/BalanzaComprobacion" xmlns:xsi="http://www.w3.org/2001/XMLSchema-instance">
    <BCE:Ctas NumCta="100-0000-0000-0000" SaldoIni="0.0" Debe="10" Haber="10" SaldoFin="0.0"/>
    <BCE:Ctas NumCta="102-0000-0000-0000" SaldoIni="0.0" Debe="10" Haber="10" SaldoFin="0.0"/>
    <BCE:Ctas NumCta="103-0000-0000-0000" SaldoIni="0.0" Debe="10" Haber="10" SaldoFin="0.0"/>
    <BCE:Ctas NumCta="104-0000-0000-0000" SaldoIni="0.0" Debe="10" Haber="10" SaldoFin="0.0"/>
</BCE:Balanza>
