<?xml version="1.0" encoding="UTF-8" standalone="yes"?>
<PLZ:Polizas Version="1.3" RFC="PAP830101CR3" Mes="01" Anio="2018" TipoSolicitud="DE" xsi:schemaLocation="http://sat.gob.mx/esquemas/ContabilidadE/1_3/PolizasPeriodo/PolizasPeriodo_1_3.xsd" xmlns:PLZ="http://www.sat.gob.mx/esquemas/ContabilidadE/1_3/PolizasPeriodo" xmlns:xsi="http://www.w3.org/2001/XMLSchema-instance">
    <PLZ:Poliza Fecha="2019-01-16-06:00" NumUnIdenPol="DIARIO_1" Concepto="Demo 1">
        <PLZ:Transaccion NumCta="105-0000-0000" DesCta="CLIENTES" Concepto="CLIENTES" Debe="10.0" Haber="0.0">
            <PLZ:CompNal UUID_CFDI="71A7359A-8CBE-40F0-B566-781CEEAFB7F2" RFC="CARR700318585" MontoTotal="10.00"/>
        </PLZ:Transaccion>
        <PLZ:Transaccion NumCta="102-0000-0000" DesCta="CLIENTES" Concepto="BANCOS" Debe="0.0" Haber="10.0">
            <PLZ:Transferencia CtaOri="1000" BancoOriNal="002" CtaDest="23330" BancoDestNal="014" Benef="BENEFICIARIO" RFC="GPO8712052S1" Fecha="2019-01-16-06:00" Monto="10.00"/>
        </PLZ:Transaccion>
    </PLZ:Poliza>
    <PLZ:Poliza Fecha="2019-01-16-06:00" NumUnIdenPol="DIARIO_2" Concepto="Demo 2">
        <PLZ:Transaccion NumCta="105-0000-0000" DesCta="CLIENTES" Concepto="CLIENTES" Debe="10.0" Haber="0.0">
            <PLZ:CompNal UUID_CFDI="71A7359A-8CBE-40F0-B566-781CEEAFB7F2" RFC="CARR700318585" MontoTotal="10.00"/>
        </PLZ:Transaccion>
        <PLZ:Transaccion NumCta="102-0000-0000" DesCta="CLIENTES" Concepto="BANCOS" Debe="0.0" Haber="10.0">
            <PLZ:Cheque RFC="GPO8712052S1" Num="2" BanEmisNal="002" CtaOri="1000" Fecha="2019-01-16-06:00" Benef="BENEFICIARIO" Monto="10.0"/>
        </PLZ:Transaccion>
    </PLZ:Poliza>
    <PLZ:Poliza Fecha="2019-01-16-06:00" NumUnIdenPol="DIARIO_3" Concepto="Demo 3">
        <PLZ:Transaccion NumCta="105-0000-0000" DesCta="CLIENTES" Concepto="CLIENTES" Debe="10.0" Haber="0.0">
            <PLZ:CompNal UUID_CFDI="71A7359A-8CBE-40F0-B566-781CEEAFB7F2" RFC="CARR700318585" MontoTotal="10.00"/>
        </PLZ:Transaccion>
        <PLZ:Transaccion NumCta="102-0000-0000" DesCta="CLIENTES" Concepto="BANCOS" Debe="0.0" Haber="10.0">
            <PLZ:Transferencia CtaOri="1000" BancoOriNal="002" CtaDest="23330" BancoDestNal="014" Benef="BENEFICIARIO" RFC="GPO8712052S1" Fecha="2019-01-16-06:00" Monto="10.00"/>
        </PLZ:Transaccion>
    </PLZ:Poliza>
    <PLZ:Poliza Fecha="2019-01-16-06:00" NumUnIdenPol="DIARIO_4" Concepto="Demo 4">
        <PLZ:Transaccion NumCta="105-0000-0000" DesCta="CLIENTES" Concepto="CLIENTES" Debe="10.0" Haber="0.0">
            <PLZ:CompNal UUID_CFDI="71A7359A-8CBE-40F0-B566-781CEEAFB7F2" RFC="CARR700318585" MontoTotal="10.00"/>
        </PLZ:Transaccion>
        <PLZ:Transaccion NumCta="102-0000-0000" DesCta="CLIENTES" Concepto="BANCOS" Debe="0.0" Haber="10.0">
            <PLZ:Cheque RFC="GPO8712052S1" Num="4" BanEmisNal="002" CtaOri="1000" Fecha="2019-01-16-06:00" Benef="BENEFICIARIO" Monto="10.0"/>
        </PLZ:Transaccion>
    </PLZ:Poliza>
    <PLZ:Poliza Fecha="2019-01-16-06:00" NumUnIdenPol="DIARIO_5" Concepto="Demo 5">
        <PLZ:Transaccion NumCta="105-0000-0000" DesCta="CLIENTES" Concepto="CLIENTES" Debe="10.0" Haber="0.0">
            <PLZ:CompNal UUID_CFDI="71A7359A-8CBE-40F0-B566-781CEEAFB7F2" RFC="CARR700318585" MontoTotal="10.00"/>
        </PLZ:Transaccion>
        <PLZ:Transaccion NumCta="102-0000-0000" DesCta="CLIENTES" Concepto="BANCOS" Debe="0.0" Haber="10.0">
            <PLZ:Transferencia CtaOri="1000" BancoOriNal="002" CtaDest="23330" BancoDestNal="014" Benef="BENEFICIARIO" RFC="GPO8712052S1" Fecha="2019-01-16-06:00" Monto="10.00"/>
        </PLZ:Transaccion>
    </PLZ:Poliza>
    <PLZ:Poliza Fecha="2019-01-16-06:00" NumUnIdenPol="DIARIO_6" Concepto="Demo 6">
        <PLZ:Transaccion NumCta="105-0000-0000" DesCta="CLIENTES" Concepto="CLIENTES" Debe="10.0" Haber="0.0">
            <PLZ:CompNal UUID_CFDI="71A7359A-8CBE-40F0-B566-781CEEAFB7F2" RFC="CARR700318585" MontoTotal="10.00"/>
        </PLZ:Transaccion>
        <PLZ:Transaccion NumCta="102-0000-0000" DesCta="CLIENTES" Concepto="BANCOS" Debe="0.0" Haber="10.0">
            <PLZ:Cheque RFC="GPO8712052S1" Num="6" BanEmisNal="002" CtaOri="1000" Fecha="2019-01-16-06:00" Benef="BENEFICIARIO" Monto="10.0"/>
        </PLZ:Transaccion>
    </PLZ:Poliza>
    <PLZ:Poliza Fecha="2019-01-16-06:00" NumUnIdenPol="DIARIO_7" Concepto="Demo 7">
        <PLZ:Transaccion NumCta="105-0000-0000" DesCta="CLIENTES" Concepto="CLIENTES" Debe="10.0" Haber="0.0">
            <PLZ:CompNal UUID_CFDI="71A7359A-8CBE-40F0-B566-781CEEAFB7F2" RFC="CARR700318585" MontoTotal="10.00"/>
        </PLZ:Transaccion>
        <PLZ:Transaccion NumCta="102-0000-0000" DesCta="CLIENTES" Concepto="BANCOS" Debe="0.0" Haber="10.0">
            <PLZ:Transferencia CtaOri="1000" BancoOriNal="002" CtaDest="23330" BancoDestNal="014" Benef="BENEFICIARIO" RFC="GPO8712052S1" Fecha="2019-01-16-06:00" Monto="10.00"/>
        </PLZ:Transaccion>
    </PLZ:Poliza>
    <PLZ:Poliza Fecha="2019-01-16-06:00" NumUnIdenPol="DIARIO_8" Concepto="Demo 8">
        <PLZ:Transaccion NumCta="105-0000-0000" DesCta="CLIENTES" Concepto="CLIENTES" Debe="10.0" Haber="0.0">
            <PLZ:CompNal UUID_CFDI="71A7359A-8CBE-40F0-B566-781CEEAFB7F2" RFC="CARR700318585" MontoTotal="10.00"/>
        </PLZ:Transaccion>
        <PLZ:Transaccion NumCta="102-0000-0000" DesCta="CLIENTES" Concepto="BANCOS" Debe="0.0" Haber="10.0">
            <PLZ:Cheque RFC="GPO8712052S1" Num="8" BanEmisNal="002" CtaOri="1000" Fecha="2019-01-16-06:00" Benef="BENEFICIARIO" Monto="10.0"/>
        </PLZ:Transaccion>
    </PLZ:Poliza>
    <PLZ:Poliza Fecha="2019-01-16-06:00" NumUnIdenPol="DIARIO_9" Concepto="Demo 9">
        <PLZ:Transaccion NumCta="105-0000-0000" DesCta="CLIENTES" Concepto="CLIENTES" Debe="10.0" Haber="0.0">
            <PLZ:CompNal UUID_CFDI="71A7359A-8CBE-40F0-B566-781CEEAFB7F2" RFC="CARR700318585" MontoTotal="10.00"/>
        </PLZ:Transaccion>
        <PLZ:Transaccion NumCta="102-0000-0000" DesCta="CLIENTES" Concepto="BANCOS" Debe="0.0" Haber="10.0">
            <PLZ:Transferencia CtaOri="1000" BancoOriNal="002" CtaDest="23330" BancoDestNal="014" Benef="BENEFICIARIO" RFC="GPO8712052S1" Fecha="2019-01-16-06:00" Monto="10.00"/>
        </PLZ:Transaccion>
    </PLZ:Poliza>
    <PLZ:Poliza Fecha="2019-01-16-06:00" NumUnIdenPol="DIARIO_10" Concepto="Demo 10">
        <PLZ:Transaccion NumCta="105-0000-0000" DesCta="CLIENTES" Concepto="CLIENTES" Debe="10.0" Haber="0.0">
            <PLZ:CompNal UUID_CFDI="71A7359A-8CBE-40F0-B566-781CEEAFB7F2" RFC="CARR700318585" MontoTotal="10.00"/>
        </PLZ:Transaccion>
        <PLZ:Transaccion NumCta="102-0000-0000" DesCta="CLIENTES" Concepto="BANCOS" Debe="0.0" Haber="10.0">
            <PLZ:Cheque RFC="GPO8712052S1" Num="10" BanEmisNal="002" CtaOri="1000" Fecha="2019-01-16-06:00" Benef="BENEFICIARIO" Monto="10.0"/>
        </PLZ:Transaccion>
    </PLZ:Poliza>
</PLZ:Polizas>
